<?xml version="1.0" encoding="UTF-8"?><collection xmlns="http://www.loc.gov/MARC21/slim"><record><leader>00327nam--2200121-i-4500</leader><controlfield tag="001">000001951</controlfield><controlfield tag="002">20161230</controlfield><controlfield tag="005">20161230201024</controlfield><controlfield tag="008">060222s1000------------r-----000-0-eng-d</controlfield><datafield ind1=" " ind2=" " tag="080"><subfield code="a">5(091):7</subfield></datafield><datafield ind1=" " ind2=" " tag="245"><subfield code="a">Etudes d histoire et de philosophie des sciences</subfield></datafield><datafield ind1=" " ind2=" " tag="260"><subfield code="a">Bucarest, Editions De L Acad.De La Rpr, F.A. 311 P</subfield></datafield><datafield ind1=" " ind2=" " tag="852"><subfield code="a">8446</subfield></datafield></record></collection>